@online{js-used,
  author = {Wikipedia},
  title = {Programming languages used in most popular websites},
  year = {2014},
  url = {http://en.wikipedia.org/wiki/Programming_languages_used_in_most_popular_websites}
}
@online{owaspxss,
  author = {OWASP},
  title = {Cross-site Scripting (XSS)},
  year = {2014},
  url = {https://www.owasp.org/index.php/Cross-site_Scripting_(XSS)}
}
@online{js-about,
  author = {Mozilla},
  title = {About JavaScript},
  year = {2014},
  url = {https://developer.mozilla.org/en-US/docs/Web/JavaScript/About_JavaScript}
}
@article{dynamic-static,
  author = {Erik Meijer and Peter Drayton},
  title = {Static Typing Where Possible, Dynamic Typing When Needed: The End of the Cold War Between Programming Languages},
  year = {2004},
  url = {https://www.ics.uci.edu/~lopes/teaching/inf212W12/readings/rdl04meijer.pdf}
}
@online{haste-lang,
  author = {Anton Ekblad},
  title = {Haste},
  year = {2014},
  url = {http://haste-lang.org/}
}
@article{haste-symposium,
  author = {Anton Ekblad and Koen Claessen},
  title = {A Seamless, Client-Centric Programming Model for Type Safe Web Applications},
  year = {2014},
  url = {http://haste-lang.org/haskell14.pdf}
}
@online{haskell,
  author = {Haskellwiki},
  title = {What is Haskell?},
  year = {2013},
  url = {http://www.haskell.org/haskellwiki/Introduction}
}
@online{jsflow,
  author = {Daniel Hedin and Luciano Bello and Andrei Sabelfeld and Arnar Birgisson},
  title = {JSFlow},
  year = {2014},
  url = {http://chalmerslbs.bitbucket.org/jsflow/}
}
@article{jsflow-sac14,
  author = {Daniel Hedin and Arnar Birgisson and Luciano Bello and Andrei Sabelfeld},
  title = {JSFlow: Tracking Information Flow in JavaScript and its APIs},
  year = {2014},
  url = {http://www.cse.chalmers.se/~andrei/sac14.pdf}
}
@article{jsflow-csf12,
  author = {Daniel Hedin and Andrei Sabelfeld},
  title = {Information-Flow Security for a Core of JavaScript},
  year = {2012},
  url = {http://www.cse.chalmers.se/~andrei/jsflow-csf12.pdf}
}
@article{ifc-jsac,
  author = {Andrei Sabelfeld and Andrew C. Myers},
  title = {Language-Based Information-Flow Security},
  year = {2003},
  url = {http://www.cse.chalmers.se/~andrei/jsac.pdf}
}
@online{typescript,
  author = {Microsoft},
  title = {TypeScript},
  year = {2012},
  url = {http://www.typescriptlang.org/}
}
@article{tejas-art,
  author = {Benjamin S. Lerner and Joe Gibbs Politz and Arjun Guha and Shriram Krishnamurthi},
  title = {TeJaS: Retrofitting Type Systems for JavaScript},
  year = {2013},
  url = {http://cs.brown.edu/~blerner/papers/dls2013_tejas.html}
}
@online{tejas-git,
  title = {TeJaS Git repository},
  url = {https://github.com/brownplt/TeJaS}
}
@online{ghcjs,
  title = {GHCJS Git repository},
  url = {https://github.com/ghcjs/ghcjs}
}
@online{lio-github,
  title = {LIO Git repository},
  url = {https://github.com/scslab/lio}
}
@article{lio-paper,
  author = {Deian Stefan and Alejandro Russo and John C. Mitchell and David Mazi√®res},
  title = {Flexible Dynamic Information Flow Control in Haskell},
  year = {2011},
  url = {http://www.scs.stanford.edu/~deian/pubs/stefan:2011:flexible.pdf}
}